%% This BibTeX bibliography file was created using BibDesk.
%% http://bibdesk.sourceforge.net/


%% Created for Meng CAO at 2012-07-23 22:59:58 +0930 


%% Saved with string encoding Unicode (UTF-8) 



@article{Ozgokmen2007a,
	Author = {Tamay M. Ozgokmen and Traian Iliescu and Paul F. Fisher and Ashwanth Srinivasan and Jinqiao Duan},
	Date-Added = {2012-07-23 22:59:43 +0930},
	Date-Modified = {2012-07-23 22:59:53 +0930},
	Journal = {Ocean Modelling},
	Owner = {Meng Cao},
	Pages = {106-140},
	Timestamp = {2010.07.01},
	Title = {Large eddy simulation of stratified mixing in two-dimensional dam-break problem in a rectangular enclosed domain},
	Volume = {16},
	Year = {2007}}

@article{Nezu2005,
	Author = {Iehisa Nezu},
	Date-Added = {2012-07-23 22:59:16 +0930},
	Date-Modified = {2012-07-23 22:59:23 +0930},
	Journal = {J. Hydraulic Engineering},
	Owner = {Meng Cao},
	Pages = {229-246},
	Timestamp = {2010.07.16},
	Title = {Open-channel flow turbulence and its research prospect in the 21st century},
	Volume = {131},
	Year = {2005},
	Bdsk-Url-1 = {http://ascelibrary.org/hyo/resource/1/jhend8/v131/i4/p229_s1}}

@article{Liu2009,
	Author = {Haifei Liu and Guo Jian Zhou and Richard Burrows},
	Date-Added = {2012-07-23 22:59:01 +0930},
	Date-Modified = {2012-07-23 22:59:06 +0930},
	Journal = {International Journal of Computational Fluid Dynamics},
	Owner = {a1188216},
	Pages = {209-220},
	Timestamp = {2011.06.01},
	Title = {Lattice Boltzmann model for shallow water flows in curved and meandering channels},
	Volume = {23},
	Year = {2009}}

@article{Demuren1993,
	Author = {A. O. Demuren},
	Date-Added = {2012-07-23 22:58:34 +0930},
	Date-Modified = {2012-07-23 22:58:40 +0930},
	Journal = {Water},
	Number = {4},
	Owner = {a1188216},
	Pages = {1269},
	Timestamp = {2012.06.21},
	Title = {A numerical model for flow in meandering channels with natural bed topography},
	Volume = {29},
	Year = {1993}}

@techreport{Roberts:2008fk,
	Author = {A. J. Roberts},
	Date-Added = {2012-07-23 22:57:43 +0930},
	Date-Modified = {2012-07-23 22:58:07 +0930},
	Rating = {1},
	Title = {Computer algebra describes flow of turbulent floods via the Smagorinski large eddy closure},
	Year = {2008}}

@article{Roberts1996,
	Author = {A. J. Roberts},
	Date-Added = {2012-07-23 22:57:43 +0930},
	Date-Modified = {2012-07-23 22:58:04 +0930},
	Journal = {Phys. Letts.~A},
	Owner = {Meng Cao},
	Pages = {63-72},
	Timestamp = {2010.05.27},
	Title = {Low-dimensional models of thin film fluid dynamics},
	Volume = {212},
	Year = {1997}}

@techreport{Roberts2008,
	Author = {A. J. Roberts and D. J. Georgiev and D. V. Strunin},
	Date-Added = {2012-07-23 22:57:43 +0930},
	Date-Modified = {2012-07-23 22:58:00 +0930},
	Owner = {Meng Cao},
	Timestamp = {2010.05.27},
	Title = {Model turbulent floods with the {Smagorinsky} large eddy closure},
	Year = {2008},
	Bdsk-Url-1 = {http://arxiv.org/abs/0805.3192}}

@article{Robertsli2006,
	Author = {A.~J.~Roberts and Zhenquan Li},
	Date-Added = {2012-07-23 22:57:43 +0930},
	Date-Modified = {2012-07-23 22:57:50 +0930},
	Journal = {Fluid Mechanics},
	Pages = {33-73},
	Title = {An accurate and comprehensive model of thin fluid flows with inertia on curved substrates},
	Volume = {553(1)},
	Year = {2006},
	Bdsk-Url-1 = {http://dx.doi.org/10.1017/S0022112006008640}}

@article{Georgiev2008,
	Author = {D. J. Georgiev and A. J. Roberts and D. V. Strunin},
	Date-Added = {2012-07-23 22:56:11 +0930},
	Date-Modified = {2012-07-23 22:56:23 +0930},
	Journal = {ANZIAM J. 50},
	Owner = {Meng Cao},
	Pages = {1033-1051},
	Timestamp = {2010.05.27},
	Title = {Modelling turbulent flow from dam break using slow manifold},
	Year = {2008}}

@phdthesis{Bousmar2002,
	Author = {D. Bousmar},
	Date-Added = {2012-07-23 22:55:04 +0930},
	Date-Modified = {2012-07-23 22:55:04 +0930},
	Owner = {a1188216},
	School = {Universitie Catholique de Louvain},
	Timestamp = {2012.03.13},
	Title = {Flow modelling in compund channels: momentum trans- fer between main channel and prismatic and non-prismatic floodplains},
	Year = {2002}}

@techreport{Bousmar2003a,
	Author = {D. Bousmar and Y. Zech},
	Date-Added = {2012-07-23 22:55:04 +0930},
	Date-Modified = {2012-07-23 22:55:13 +0930},
	Institution = {Universitie Catholique de Louvain},
	Owner = {a1188216},
	Timestamp = {2012.03.13},
	Title = {Large-scale coherent structures in com- pound channels},
	Year = {2003}}
